<record><leader>00000cas a2200000 a 4500</leader><controlfield tag="001">8116201</controlfield><controlfield tag="008">820201c19uu9999azudr ne      0   a0eng d</controlfield><datafield ind1=" " ind2=" " tag="010"><subfield code="a">sn 82000875 </subfield></datafield><datafield ind1=" " ind2=" " tag="040"><subfield code="a">NSD</subfield><subfield code="b">eng</subfield><subfield code="c">NSD</subfield><subfield code="d">OCL</subfield><subfield code="d">OCLCQ</subfield></datafield><datafield ind1=" " ind2=" " tag="012"><subfield code="m">1</subfield></datafield><datafield ind1="1" ind2=" " tag="022"><subfield code="a">0744-2092</subfield><subfield code="l">0744-2092</subfield><subfield code="2">1</subfield></datafield><datafield ind1=" " ind2=" " tag="032"><subfield code="a">537400</subfield><subfield code="b">USPS</subfield></datafield><datafield ind1=" " ind2=" " tag="037"><subfield code="b">Tempe Daily News, POB 3099, Tempe, AZ, 85281</subfield></datafield><datafield ind1=" " ind2=" " tag="042"><subfield code="a">nsdp</subfield></datafield><datafield ind1=" " ind2="0" tag="222"><subfield code="a">Tempe daily news</subfield></datafield><datafield ind1="0" ind2="0" tag="245"><subfield code="a">Tempe daily news.</subfield></datafield><datafield ind1=" " ind2=" " tag="260"><subfield code="a">Tempe, Ariz. :</subfield><subfield code="b">[s.n.]</subfield></datafield><datafield ind1=" " ind2=" " tag="310"><subfield code="a">Daily</subfield></datafield><datafield ind1=" " ind2=" " tag="588"><subfield code="a">Description based on: 94th year-No. 363 (Wed., Jan. 6, 1982); title from caption.</subfield></datafield><datafield ind1=" " ind2=" " tag="936"><subfield code="a">Jan. 6, 1982</subfield></datafield></record>